@Article{Einstein,
  author =       "Albert Einstein",
  title =        "{Zur Elektrodynamik bewegter K{\"o}rper}. ({German})
                 [{On} the electrodynamics of moving bodies]",
  journal =      "Annalen der Physik",
  volume =       "322",
  number =       "10",
  pages =        "891--921",
  year =         "1905",
  DOI =          "http://dx.doi.org/10.1002/andp.19053221004"
} 

@Article{Einstein,
  author =       "Albert Einstein",
  title =        "{Zur Elektrodynamik bewegter K{\"o}rper}. ({German})
                 [{On} the electrodynamics of moving bodies]",
  journal =      "Annalen der Physik",
  volume =       "322",
  number =       "10",
  pages =        "891--921",
  year =         "1905",
  DOI =          "http://dx.doi.org/10.1002/andp.19053221004"
} 


@inproceedings{Patel2010,
  doi = {10.1109/icccct.2010.5670771},
  url = {https://doi.org/10.1109/icccct.2010.5670771},
  year  = {2010},
  month = {oct},
  publisher = {{IEEE}},
  author = {Ibrahim Patel and Y. Srinivas Rao},
  title = {Realtime speech processing for automated cue-generation},
  booktitle = {2010 {INTERNATIONAL} {CONFERENCE} {ON} {COMMUNICATION} {CONTROL} {AND} {COMPUTING} {TECHNOLOGIES}}
}

@inproceedings{Klann2008,
  doi = {10.1109/bibmw.2008.4686211},
  url = {https://doi.org/10.1109/bibmw.2008.4686211},
  year  = {2008},
  month = {nov},
  publisher = {{IEEE}},
  author = {J. Klann and P. Szolovits},
  title = {An intelligent listening framework for capturing encounter notes from a doctor-patient dialog},
  booktitle = {2008 {IEEE} International Conference on Bioinformatics and Biomeidcine Workshops}
}

@inproceedings{Woodland2015,
  doi = {10.1109/asru.2015.7404856},
  url = {https://doi.org/10.1109/asru.2015.7404856},
  year  = {2015},
  month = {dec},
  publisher = {{IEEE}},
  author = {P. C. Woodland and X. Liu and Y. Qian and C. Zhang and M. J. F. Gales and P. Karanasou and P. Lanchantin and L. Wang},
  title = {Cambridge university transcription systems for the multi-genre broadcast challenge},
  booktitle = {2015 {IEEE} Workshop on Automatic Speech Recognition and Understanding ({ASRU})}
}


@book{Jurafsky:2009:SLP:1214993,
 author = {Jurafsky, Daniel and Martin, James H.},
 title = {Speech and Language Processing (2Nd Edition)},
 year = {2009},
 isbn = {0131873210},
 publisher = {Prentice-Hall, Inc.},
 address = {Upper Saddle River, NJ, USA},
} 

@inproceedings{Poznanski2016,
  doi = {10.1109/cvpr.2016.253},
  url = {https://doi.org/10.1109/cvpr.2016.253},
  year  = {2016},
  month = {jun},
  publisher = {{IEEE}},
  author = {Arik Poznanski and Lior Wolf},
  title = {{CNN}-N-Gram for {HandwritingWord} Recognition},
  booktitle = {2016 {IEEE} Conference on Computer Vision and Pattern Recognition ({CVPR})}
}

@article{Shannon:2001:MTC:584091.584093,
 author = {Shannon, C. E.},
 title = {A Mathematical Theory of Communication},
 journal = {SIGMOBILE Mob. Comput. Commun. Rev.},
 issue_date = {January 2001},
 volume = {5},
 number = {1},
 month = jan,
 year = {2001},
 issn = {1559-1662},
 pages = {3--55},
 numpages = {53},
 url = {http://doi.acm.org/10.1145/584091.584093},
 doi = {10.1145/584091.584093},
 acmid = {584093},
 publisher = {ACM},
 address = {New York, NY, USA},
} 

@article{Kukich1992,
  doi = {10.1145/146370.146380},
  url = {https://doi.org/10.1145/146370.146380},
  year  = {1992},
  month = {dec},
  publisher = {Association for Computing Machinery ({ACM})},
  volume = {24},
  number = {4},
  pages = {377--439},
  author = {Karen Kukich},
  title = {Technique for automatically correcting words in text},
  journal = {{ACM} Computing Surveys}
}

@article{Bahl:1983:MLA:2053027.2053281,
 author = {Bahl, Lalit R. and Jelinek, Frederick and Mercer, Robert L.},
 title = {A Maximum Likelihood Approach to Continuous Speech Recognition},
 journal = {IEEE Trans. Pattern Anal. Mach. Intell.},
 issue_date = {February 1983},
 volume = {5},
 number = {2},
 month = feb,
 year = {1983},
 issn = {0162-8828},
 pages = {179--190},
 numpages = {12},
 url = {http://dx.doi.org/10.1109/TPAMI.1983.4767370},
 doi = {10.1109/TPAMI.1983.4767370},
 acmid = {2053281},
 publisher = {IEEE Computer Society},
 address = {Washington, DC, USA},
 keywords = {Markov models, maximum likelihood, parameter estimation, speech recognition, statistical models},
} 
@article{Klakow:2002:TCW:638078.638080,
 author = {Klakow, Dietrich and Peters, Jochen},
 title = {Testing the Correlation of Word Error Rate and Perplexity},
 journal = {Speech Commun.},
 issue_date = {September 2002},
 volume = {38},
 number = {1},
 month = sep,
 year = {2002},
 issn = {0167-6393},
 pages = {19--28},
 numpages = {10},
 url = {http://dx.doi.org/10.1016/S0167-6393(01)00041-3},
 doi = {10.1016/S0167-6393(01)00041-3},
 acmid = {638080},
 publisher = {Elsevier Science Publishers B. V.},
 address = {Amsterdam, The Netherlands, The Netherlands},
 keywords = {correlation with word error rate, language model training, perplexity},
} 


@inproceedings{KneserNey1993,
  year  = {1993},
  month = {September},
  author = {Reinhard Kneser and Hermann Ney},
  title = {Improved clustering techniques for class-based statistical language modelling},
  booktitle = {Third European Conference on Speech Communication and Technology, EUROSPEECH}
}

@misc{SiliconAM,
    author = {{Silicon Intelligence}},
    title = {Acoustic Model},
    note = {[Online; accessed July 25, 2017]},
    year = {2017},
    url = {http://www.siliconintelligence.com/people/binu/perception/img94.png}
}

@inproceedings{Zavaliagkos1998UtilizingUT,
  title={Utilizing Untranscribed Training Data to Improve Performance},
  author={George Zavaliagkos and Thomas Colthurst},
  year={1998}
}

@article{lightlySupervised,
author = {Lamel, Lori and Gauvain, Jean-Luc and Adda, G},
year = {2002},
month = {08},
pages = {115-129},
title = {Lightly supervised and unsupervised acoustic model training},
volume = {16},
booktitle = {Computer Speech & Language}
}

@inproceedings{Peddinti2015ATD,
  title={A time delay neural network architecture for efficient modeling of long temporal contexts},
  author={Vijayaditya Peddinti and Daniel Povey and Sanjeev Khudanpur},
  booktitle={INTERSPEECH},
  year={2015}
}

@incollection{Waibel:1990:PRU:108235.108263,
 author = {Waibel, Alexander and Hanazawa, Toshiyuki and Hinton, Geofrey and Shikano, Kiyohiro and Lang, Kevin J.},
 chapter = {Phoneme Recognition Using Time-delay Neural Networks},
 title = {Readings in Speech Recognition},
 editor = {Waibel, Alex and Lee, Kai-Fu},
 year = {1990},
 isbn = {1-55860-124-4},
 pages = {393--404},
 numpages = {12},
 url = {http://dl.acm.org/citation.cfm?id=108235.108263},
 acmid = {108263},
 publisher = {Morgan Kaufmann Publishers Inc.},
 address = {San Francisco, CA, USA},
} 

@book{Goodfellow-et-al-2016,
    title={Deep Learning},
    author={Ian Goodfellow and Yoshua Bengio and Aaron Courville},
    publisher={MIT Press},
    note={\url{http://www.deeplearningbook.org}},
    year={2016}
}

@inproceedings{Kemp_unsupervisedtraining,
    author = {Thomas Kemp and Alex Waibel},
    title = {Unsupervised Training Of A Speech Recognizer: Recent Experiments},
    booktitle = {in Proc. EUROSPEECH},
    year = {1999},
    pages = {2725--2728}
}

@article{Rosenblatt1960,
  doi = {10.1109/jrproc.1960.287598},
  url = {https://doi.org/10.1109/jrproc.1960.287598},
  year  = {1960},
  month = {mar},
  publisher = {Institute of Electrical and Electronics Engineers ({IEEE})},
  volume = {48},
  number = {3},
  pages = {301--309},
  author = {Frank Rosenblatt},
  title = {Perceptron Simulation Experiments},
  journal = {Proceedings of the {IRE}}
}

@inproceedings{Hermansky99temporalpatterns,
    author = {Hynek Hermansky and Sangita Sharma},
    title = {Temporal patterns (TRAPS) in ASR of noisy speech},
    booktitle = {in Proc. ICASSP},
    year = {1999},
    pages = {289--292}
}

@inproceedings{Mesgarani04speechdiscrimination,
    author = {Nima Mesgarani and Shihab Shamma and et al.},
    title = {Speech Discrimination Based On Multiscale Spectro-Temporal Modulations},
    booktitle = {IN PROC. ICASSP},
    year = {2004},
    pages = {601--604},
    publisher = {}
}

@article{Anden2014,
  doi = {10.1109/tsp.2014.2326991},
  url = {https://doi.org/10.1109/tsp.2014.2326991},
  year  = {2014},
  month = {aug},
  publisher = {Institute of Electrical and Electronics Engineers ({IEEE})},
  volume = {62},
  number = {16},
  pages = {4114--4128},
  author = {Joakim Anden and Stephane Mallat},
  title = {Deep Scattering Spectrum},
  journal = {{IEEE} Transactions on Signal Processing}
}

@inproceedings{Thomas2009,
  doi = {10.1109/icassp.2009.4960618},
  url = {https://doi.org/10.1109/icassp.2009.4960618},
  year  = {2009},
  month = {apr},
  publisher = {{IEEE}},
  author = {Samuel Thomas and Sriram Ganapathy and Hynek Hermansky},
  title = {Phoneme recognition using spectral envelope and modulation frequency features},
  booktitle = {2009 {IEEE} International Conference on Acoustics,  Speech and Signal Processing}
}

@misc{1402.1128,
Author = {Hasim Sak and Andrew Senior and Françoise Beaufays},
Title = {Long Short-Term Memory Based Recurrent Neural Network Architectures for Large Vocabulary Speech Recognition},
Year = {2014},
Eprint = {arXiv:1402.1128},
}

@article{Barras2001,
  doi = {10.1016/s0167-6393(00)00067-4},
  url = {https://doi.org/10.1016/s0167-6393(00)00067-4},
  year  = {2001},
  month = {jan},
  publisher = {Elsevier {BV}},
  volume = {33},
  number = {1-2},
  pages = {5--22},
  author = {Claude Barras and Edouard Geoffrois and Zhibiao Wu and Mark Liberman},
  title = {Transcriber: Development and use of a tool for assisting speech corpora production},
  journal = {Speech Communication}
}


@inproceedings{Lecouteux06imperfecttranscript,
    author = {Benjamin Lecouteux},
    title = {Imperfect transcript driven speech recognition},
    booktitle = {In: Proceedings of InterSpeech?06. Pitsburg},
    year = {2006}
}

@inproceedings{Chan,
  doi = {10.1109/icassp.2004.1326091},
  url = {https://doi.org/10.1109/icassp.2004.1326091},
  publisher = {{IEEE}},
  author = {H.Y. Chan and P. Woodland},
  title = {Improving broadcast news transcription by lightly supervised discriminative training},
  booktitle = {2004 {IEEE} International Conference on Acoustics,  Speech,  and Signal Processing}
}

@inproceedings{Mathias,
  doi = {10.1109/icassp.2005.1415062},
  url = {https://doi.org/10.1109/icassp.2005.1415062},
  publisher = {{IEEE}},
  author = {L. Mathias and G. Yegnanarayanan and J. Fritsch},
  title = {Discriminative Training of Acoustic Models Applied to Domains with Unreliable Transcripts},
  booktitle = {Proceedings. (ICASSP 05). IEEE International Conference on Acoustics,  Speech,  and Signal Processing,  2005.}
}

@inproceedings{Stolcke00anefficient,
    author = {Andreas Stolcke and Wen Wang and Dimitra Vergyri and Venkata Ramana and Rao Gadde and Jing Zheng},
    title = {An efficient repair procedure for quick transcriptions},
    booktitle = {in Proc. ICSLP},
    year = {2000},
    pages = {1961--1964}
}

@inproceedings{Lanchantin2016,
  doi = {10.21437/interspeech.2016-462},
  url = {https://doi.org/10.21437/interspeech.2016-462},
  year  = {2016},
  month = {sep},
  publisher = {{ISCA}},
  author = {P. Lanchantin and Mark J.F. Gales and Penny Karanasou and X. Liu and Y. Qian and L. Wang and P.C. Woodland and C. Zhang},
  title = {Selection of Multi-Genre Broadcast Data for the Training of Automatic Speech Recognition Systems},
  booktitle = {Interspeech 2016}
}

@inproceedings{Lanchantin2015,
  doi = {10.1109/asru.2015.7404857},
  url = {https://doi.org/10.1109/asru.2015.7404857},
  year  = {2015},
  month = {dec},
  publisher = {{IEEE}},
  author = {P. Lanchantin and M. J. F. Gales and P. Karanasou and X. Liu and Y. Qian and L. Wang and P.C. Woodland and C. Zhang},
  title = {The development of the cambridge university alignment systems for the multi-genre broadcast challenge},
  booktitle = {2015 {IEEE} Workshop on Automatic Speech Recognition and Understanding ({ASRU})}
}

@inproceedings{Povey02p.c.:minimum,
    author = {D. Povey and P. C. Woodl},
   title = {P.C.: Minimum phone error and I-smoothing for improved discriminative training},
    booktitle = {In: Proc. ICASSP},
    year = {2002},
    pages = {105--108}
}

@inproceedings{Stolcke02srilm,
    author = {Andreas Stolcke},
    title = {SRILM - An Extensible Language Modeling Toolkit},
    booktitle = {},
    year = {2002},
    pages = {901--904}
}

@inproceedings{
         PoveyASRU2011,
         author = {Povey, Daniel and Ghoshal, Arnab and Boulianne, Gilles and Burget, Lukas and Glembek, Ondrej and Goel, Nagendra and Hannemann, Mirko and Motlicek, Petr and Qian, Yanmin and Schwarz, Petr and Silovsky, Jan and Stemmer, Georg and Vesely, Karel},
       keywords = {ASR, Automatic Speech Recognition, GMM, HTK, SGMM},
          month = dec,
          title = {The Kaldi Speech Recognition Toolkit},
      booktitle = {IEEE 2011 Workshop on Automatic Speech Recognition and Understanding},
           year = {2011},
      publisher = {IEEE Signal Processing Society},
       location = {Hilton Waikoloa Village, Big Island, Hawaii, US},
           note = {IEEE Catalog No.: CFP11SRW-USB},
}

@misc{Grid5000,
   title = "Grid5000:Home",
   author = "Grid5000 Team",
   howpublished = "https://www.grid5000.fr/mediawiki/index.php/Grid5000:Home",
   year = "cited August 2017"
}


@misc{1406.7806,
Author = {Andrew L. Maas and Peng Qi and Ziang Xie and Awni Y. Hannun and Christopher T. Lengerich and Daniel Jurafsky and Andrew Y. Ng},
Title = {Building DNN Acoustic Models for Large Vocabulary Speech Recognition},
Year = {2014},
Eprint = {arXiv:1406.7806},
}


@book{Bourlard:1993:CSR:562393,
 author = {Bourlard, Herve A. and Morgan, Nelson},
 title = {Connectionist Speech Recognition: A Hybrid Approach},
 year = {1993},
 isbn = {0792393961},
 publisher = {Kluwer Academic Publishers},
 address = {Norwell, MA, USA},
} 


@inproceedings{Renals1994,
  doi = {10.1109/89.260359},
  url = {https://doi.org/10.1109/89.260359},
  year  = {1994},
  month = {jan},
  publisher = {Institute of Electrical and Electronics Engineers ({IEEE})},
  volume = {2},
  number = {1},
  pages = {161--174},
  author = {S. Renals and N. Morgan and H. Bourlard and M. Cohen and H. Franco},
  title = {Connectionist probability estimators in {HMM} speech recognition},
  journal = {{IEEE} Transactions on Speech and Audio Processing}
}

@inproceedings{Dahl2011,
  doi = {10.1109/icassp.2011.5947401},
  url = {https://doi.org/10.1109/icassp.2011.5947401},
  year  = {2011},
  month = {may},
  publisher = {{IEEE}},
  author = {George E. Dahl and Dong Yu and Li Deng and Alex Acero},
  title = {Large vocabulary continuous speech recognition with context-dependent {DBN}-{HMMS}},
  booktitle = {2011 {IEEE} International Conference on Acoustics,  Speech and Signal Processing ({ICASSP})}
}

@inproceedings{38130,
title = {Application Of Pretrained Deep Neural Networks To Large Vocabulary Speech Recognition},
author  = {Navdeep Jaitly and Patrick Nguyen and Andrew Senior and Vincent Vanhoucke},
year  = 2012,
booktitle = {Proceedings of Interspeech 2012}
}

@incollection{Mohri2008,
  doi = {10.1007/978-3-540-49127-9_28},
  url = {https://doi.org/10.1007/978-3-540-49127-9_28},
  year  = {2008},
  publisher = {Springer Berlin Heidelberg},
  pages = {559--584},
  author = {Mehryar Mohri and Fernando Pereira and Michael Riley},
  title = {Speech Recognition with Weighted Finite-State Transducers},
  booktitle = {Springer Handbook of Speech Processing}
}


@inproceedings{Murveit1993,
  doi = {10.1109/icassp.1993.319301},
  url = {https://doi.org/10.1109/icassp.1993.319301},
  year  = {1993},
  publisher = {{IEEE}},
  author = {H. Murveit and J. Butzberger and V. Digalakis and M. Weintraub},
  title = {Large-vocabulary dictation using SRI's DECIPHER speech recognition system: progressive search techniques},
  booktitle = {{IEEE} International Conference on Acoustics Speech and Signal Processing}
}

@article{Gales:2007:AHM:1373536.1373537,
 author = {Gales, Mark and Young, Steve},
 title = {The Application of Hidden Markov Models in Speech Recognition},
 journal = {Found. Trends Signal Process.},
 issue_date = {January 2008},
 volume = {1},
 number = {3},
 month = jan,
 year = {2007},
 issn = {1932-8346},
 pages = {195--304},
 numpages = {110},
 url = {http://dx.doi.org/10.1561/2000000004},
 doi = {10.1561/2000000004},
 acmid = {1373537},
 publisher = {Now Publishers Inc.},
 address = {Hanover, MA, USA},
} 


@misc{ASRImage,
year = {2015},
author={Kelvin Vroegop},
  title = {JAVAONE ? DAY 3 ? LISTEN AND WATCH},
  howpublished = {https://technology.first8.nl/javaone-day-3-listen-and-watch/},
  note = {Accessed: 2017-08-20}}
}

@misc{perceptronImage,
year = {2015},
author={Michael A. Nielsen},
  title = {Neural Networks and Deep Learning},
  howpublished = {http://neuralnetworksanddeeplearning.com/},
  note = {Accessed: 2017-08-20}}
}